<record><leader>00000cas a22000007a 4500</leader><controlfield tag="001">25433402</controlfield><controlfield tag="008">920311c19739999gauwr ne      0    0eng d</controlfield><datafield ind1=" " ind2=" " tag="010"><subfield code="a">sn 91074131 </subfield></datafield><datafield ind1=" " ind2=" " tag="040"><subfield code="a">NLG</subfield><subfield code="b">eng</subfield><subfield code="c">NLG</subfield><subfield code="d">OCL</subfield><subfield code="d">OCLCQ</subfield><subfield code="d">GUA</subfield><subfield code="d">OCLCF</subfield><subfield code="d">OCLCO</subfield></datafield><datafield ind1="1" ind2=" " tag="029"><subfield code="a">AU@</subfield><subfield code="b">000020710050</subfield></datafield><datafield ind1=" " ind2=" " tag="042"><subfield code="a">msc</subfield></datafield><datafield ind1=" " ind2=" " tag="043"><subfield code="a">n-us-ga</subfield></datafield><datafield ind1="0" ind2=" " tag="130"><subfield code="a">Savannah tribune (Savannah, Ga. : 1973)</subfield></datafield><datafield ind1="1" ind2="4" tag="245"><subfield code="a">The Savannah tribune.</subfield></datafield><datafield ind1="1" ind2=" " tag="246"><subfield code="a">Middle Georgia tribune-Fort Valley herald-Savannah tribune</subfield></datafield><datafield ind1="1" ind2=" " tag="246"><subfield code="a">Middle Georgia-Fort Valley herald-Savannah tribune</subfield></datafield><datafield ind1="1" ind2=" " tag="246"><subfield code="a">Fort Valley herald-Savannah tribune</subfield></datafield><datafield ind1=" " ind2=" " tag="260"><subfield code="a">Savannah, Ga. :</subfield><subfield code="b">New Tribune Pub. Co.</subfield></datafield><datafield ind1=" " ind2=" " tag="300"><subfield code="a">v.</subfield></datafield><datafield ind1=" " ind2=" " tag="310"><subfield code="a">Weekly</subfield></datafield><datafield ind1="1" ind2=" " tag="362"><subfield code="a">Began in 1973.</subfield></datafield><datafield ind1=" " ind2=" " tag="530"><subfield code="a">Also on microfilm: Athens, Ga. : University of Georgia Libraries.</subfield></datafield><datafield ind1=" " ind2=" " tag="580"><subfield code="a">Many issues combined with the Fort Valley Herald, Nov. 29, 1989-&lt;July 8, 1998&gt;; absorbed that title sometime after that.</subfield></datafield><datafield ind1=" " ind2=" " tag="588"><subfield code="a">Description based on: Vol. 1, no. 5 (Oct. 27, 1973).</subfield></datafield><datafield ind1=" " ind2=" " tag="588"><subfield code="a">Latest issue consulted: Vol. 37, no. 46 (Jan. 6-12, 2010).</subfield></datafield><datafield ind1=" " ind2="0" tag="650"><subfield code="a">African Americans</subfield><subfield code="z">Georgia</subfield><subfield code="z">Savannah</subfield><subfield code="v">Newspapers.</subfield></datafield><datafield ind1=" " ind2="0" tag="651"><subfield code="a">Savannah (Ga.)</subfield><subfield code="v">Newspapers.</subfield></datafield><datafield ind1=" " ind2="0" tag="651"><subfield code="a">Chatham County (Ga.)</subfield><subfield code="v">Newspapers.</subfield></datafield><datafield ind1=" " ind2="7" tag="655"><subfield code="a">Newspapers.</subfield><subfield code="2">fast</subfield><subfield code="0">(OCoLC)fst01423814</subfield></datafield><datafield ind1=" " ind2="7" tag="650"><subfield code="a">African Americans.</subfield><subfield code="2">fast</subfield><subfield code="0">(OCoLC)fst00799558</subfield></datafield><datafield ind1=" " ind2="7" tag="651"><subfield code="a">Georgia</subfield><subfield code="z">Chatham County.</subfield><subfield code="2">fast</subfield><subfield code="0">(OCoLC)fst01207617</subfield></datafield><datafield ind1=" " ind2="7" tag="651"><subfield code="a">Georgia</subfield><subfield code="z">Savannah.</subfield><subfield code="2">fast</subfield><subfield code="0">(OCoLC)fst01207319</subfield></datafield><datafield ind1=" " ind2=" " tag="752"><subfield code="a">United States</subfield><subfield code="b">Georgia</subfield><subfield code="c">Chatham</subfield><subfield code="d">Savannah.</subfield></datafield><datafield ind1="0" ind2="0" tag="780"><subfield code="t">Tribune (Savannah, Ga.)</subfield><subfield code="w">(DLC)sn 96069008</subfield><subfield code="w">(OCoLC)34467294</subfield></datafield><datafield ind1="1" ind2="5" tag="780"><subfield code="t">Fort Valley herald</subfield><subfield code="w">(DLC)sn 95003652</subfield><subfield code="w">(OCoLC)33859197</subfield></datafield></record>